<record><leader>00000cas a22000007a 4500</leader><controlfield tag="001">9741876</controlfield><controlfield tag="008">830726d1868191unyuwr ne      0    0eng d</controlfield><datafield ind1=" " ind2=" " tag="010"><subfield code="a">sn 83031016 </subfield></datafield><datafield ind1=" " ind2=" " tag="040"><subfield code="a">NPU</subfield><subfield code="b">eng</subfield><subfield code="c">NPU</subfield><subfield code="d">NPX</subfield><subfield code="d">NYG</subfield><subfield code="d">NYS</subfield><subfield code="d">OCLCQ</subfield><subfield code="d">OCLCF</subfield><subfield code="d">OCLCO</subfield></datafield><datafield ind1="1" ind2=" " tag="029"><subfield code="a">AU@</subfield><subfield code="b">000025829852</subfield></datafield><datafield ind1=" " ind2=" " tag="042"><subfield code="a">msc</subfield></datafield><datafield ind1=" " ind2=" " tag="043"><subfield code="a">n-us-ny</subfield></datafield><datafield ind1="0" ind2=" " tag="130"><subfield code="a">Fulton times (Fulton, N.Y. : 1868)</subfield></datafield><datafield ind1="1" ind2="4" tag="245"><subfield code="a">The Fulton times.</subfield></datafield><datafield ind1=" " ind2=" " tag="260"><subfield code="a">Fulton, N.Y. :</subfield><subfield code="b">Geo. E. Williams</subfield></datafield><datafield ind1=" " ind2=" " tag="300"><subfield code="a">v. :</subfield><subfield code="b">ill. ;</subfield><subfield code="c">55 cm.</subfield></datafield><datafield ind1=" " ind2=" " tag="310"><subfield code="a">Weekly</subfield></datafield><datafield ind1="1" ind2=" " tag="362"><subfield code="a">Began in June 1868.</subfield><subfield code="z">Cf. Fulton, N.Y., 1901.</subfield></datafield><datafield ind1=" " ind2=" " tag="580"><subfield code="a">Daily ed.: Fulton evening times.</subfield></datafield><datafield ind1=" " ind2=" " tag="588"><subfield code="a">Description based on: Vol. 5, no. 42 (Mar. 19, 1873).</subfield></datafield><datafield ind1=" " ind2=" " tag="588"><subfield code="a">Latest issue consulted: Vol. 47, no. 6 (Dec. 9, 1914).</subfield></datafield><datafield ind1=" " ind2="0" tag="651"><subfield code="a">Fulton (N.Y.)</subfield><subfield code="v">Newspapers.</subfield></datafield><datafield ind1=" " ind2="0" tag="651"><subfield code="a">Oswego County (N.Y.)</subfield><subfield code="v">Newspapers.</subfield></datafield><datafield ind1=" " ind2="7" tag="655"><subfield code="a">Newspapers.</subfield><subfield code="2">fast</subfield><subfield code="0">(OCoLC)fst01423814</subfield></datafield><datafield ind1=" " ind2="7" tag="651"><subfield code="a">New York (State)</subfield><subfield code="z">Fulton.</subfield><subfield code="2">fast</subfield><subfield code="0">(OCoLC)fst01212889</subfield></datafield><datafield ind1=" " ind2="7" tag="651"><subfield code="a">New York (State)</subfield><subfield code="z">Oswego County.</subfield><subfield code="2">fast</subfield><subfield code="0">(OCoLC)fst01208853</subfield></datafield><datafield ind1=" " ind2=" " tag="752"><subfield code="a">United States</subfield><subfield code="b">New York</subfield><subfield code="c">Oswego</subfield><subfield code="d">Fulton.</subfield></datafield><datafield ind1="1" ind2=" " tag="775"><subfield code="t">Fulton evening times</subfield><subfield code="w">(DLC)sn 89071095</subfield><subfield code="w">(OCoLC)19026826</subfield></datafield></record>